@book{計算と物質,
author="押山 淳 and  天能 精一郎 and  杉野 修 and  大野 かおる and 今田 正俊 and  高田 康民",
title="計算と物質 (岩波講座計算科学第3巻)",
publisher="岩波書店",
year="2012"
}
@book{巨大分子系の計算化学,
author="日本化学会編",
title="巨大分子系の計算化学　超大型計算機時代の理論化学の新展開",
publisher="化学同人",
year="2012"
}
@misc{夢ロードマップ,
title="理学・工学分野における科学・夢ロードマップ",
author="日本学術会議第三部拡大役員会・理学・工学系学協会連絡協議会",
year="2011",
howpublished={\url{http://www.scj.go.jp/ja/info/kohyo/kohyo-21-h132.html}}
}